<mx:record xmlns="http://www.w3.org/TR/xhtml1/strict" xmlns:mx="http://www.loc.gov/MARC21/slim" xmlns:xsi="http://www.w3.org/2001/XMLSchema-instance"><mx:leader>00000nz   2200000n  4500</mx:leader><mx:controlfield tag="001">oca03709527 </mx:controlfield><mx:controlfield tag="005">19941029112444.6</mx:controlfield><mx:controlfield tag="008">940829n| acannaab           |a aaa     c</mx:controlfield><mx:datafield ind1=" " ind2=" " tag="010"><mx:subfield code="a">nr 94028608</mx:subfield></mx:datafield><mx:datafield ind1=" " ind2=" " tag="040"><mx:subfield code="a">UPB</mx:subfield><mx:subfield code="c">UPB</mx:subfield></mx:datafield><mx:datafield ind1="0" ind2=" " tag="100"><mx:subfield code="a">Magnus,</mx:subfield><mx:subfield code="c">of Carrhae</mx:subfield></mx:datafield><mx:datafield ind1="0" ind2=" " tag="400"><mx:subfield code="a">Magnus,</mx:subfield><mx:subfield code="c">von Carrhae</mx:subfield></mx:datafield><mx:datafield ind1=" " ind2=" " tag="670"><mx:subfield code="a">Studien zu Ammianus Marcellinus, 1963:</mx:subfield><mx:subfield code="b">title to ch. 2 (Magnus von Carrhae)</mx:subfield></mx:datafield><mx:datafield ind1=" " ind2=" " tag="670"><mx:subfield code="a">Oxford classical dictionary, 1970:</mx:subfield><mx:subfield code="b">p. 640 (Magnus of Carrhae; accompanied Julian on Persian expedition of A.D. 363)</mx:subfield></mx:datafield><mx:datafield ind1=" " ind2=" " tag="670"><mx:subfield code="a">RLIN, 8/29/94</mx:subfield><mx:subfield code="b">(hdg.: Magnus, of Carrhae)</mx:subfield></mx:datafield><mx:datafield ind1=" " ind2=" " tag="999"><mx:subfield code="a">35</mx:subfield></mx:datafield></mx:record>